@book{niven1965mathematics,
  title={Mathematics of choice: or, How to count without counting},
  author={Niven, Ivan},
  volume={15},
  year={1965},
  publisher={MAA},
  address={Nova York}
}

@article{vazquez2004analise,
	title={An{\'a}lise Combinat{\'o}ria: alguns aspectos hist{\'o}ricos e uma abordagem pedag{\'o}gica},
	author={VAZQUEZ, Cristiane MR and NOGUTI, Fabiane CH},
	journal={Recife: VII Encontro Nacional de Educa{\c{c}}{\~a}o Matem{\'a}tica},
	pages={22},
	year={2004}
}

@book{dantas2013probabilidade,
	title={Probabilidade: Um Curso Introdut{\'o}rio Vol. 10},
	author={Dantas, Carlos Alberto Barbosa},
	year={2013},
	publisher={Edusp},
	address={S{\~a}o Paulo}
}
